@String{ AB = "Advances in Bioengineering" }

@String{ AACR = "Anesth. Analg. Curr. Res." }

@String{ ABE = "Ann. Biomed. Eng." }

@String{ AHJ = "Am. Heart J." }

@String{ AJA = "Am. J. Anat." }

@String{ AJAM = "ASME J. Appl. Mech." }

@String{ AJBE = "ASME J. Biomech. Eng." }

@String{ AJC = "Am. J. Cardiol." }

@String{ AJP = "Am. J. Physiol." }

@String{ AMM = "Applied Mathematical Modelling" }

@String{ AMR = "Appl. Mech. Rev." }

@String{ ANYAS = "Ann. N. Y. Acad. Sci." }

@String{ AP = "Academic Press" }

@String{ APESM = "Australasian Physical and Engineering Sciences in Medicine" }

@String{ APS = "Am. Physiol. Soc." }

@String{ AR = "Anat. Rec." }

@String{ ASMEJBE = "ASME J. Biomech. Eng." }

@String{ BCJ = "Biochem. J." }

@String{ BEA = "BE Abstracts" }

@String{ BEC = "Boundary Element Communications" }

@String{ BHJ = "Br. Heart J." }

@String{ BIO = "Biophysics" }

@String{ BIOF = "Biofizika" }

@String{ BIOR = "Biorheology" }

@String{ BJ = "Biophys. J." }

@String{ BMB = "Bull. Math. Biophys." }

@String{ BRB = "Brain Res. Bull." }

@String{ BRC = "Basic Res. Cardiol." }

@String{ BT = "Brain Topography" }

@String{ CC = "Clin. Cardiol." }

@String{ CARDRES = "Cardiovascular Research" }

@String{ CBM = "Comput. Biol. Med." }

@String{ CBR = "Comput. Biomed. Res." }

@String{ CHAOS = "CHAOS" }

@String{ CIR = "Circulation" }

@String{ CJP = "Can. J. Phys." }

@String{ CM = "Computational Mechanics" }

@String{ CMAME = "Computer Methods in Applied Mechanics and Engineering" }

@String{ CMPSV = "Computational Mechanics Publications and Springer-Verlag" }

@String{ CR = "Circ. Res." }

@String{ CRBME = "Crit. Rev. Biomed. Eng." }

@String{ CRC = "CRC Press Inc." }

@String{ CSF = "Chaos, Solitons \& Fractals" }

@String{ CTB = "Comments. Theor. Biol." }

@String{ CTR = "Cell Tissue Res." }

@String{ CVGIP = "Comput. Vision Graphics Image Process." }

@String{ CVR = "Cardiovasc. Res." }

@String{ CRBE = "Crit. Rev. Biomed. Eng." }

@String{ EABE = "Engineering Analysis With Boundary Elements" }

@String{ EEGCN = "Electroenceph. Clin. Neurophysiol." }

@String{ EHJ = "Eur. Heart J." }

@String{ EJC = "Eur. J. Cardiol." }

@String{ EN = "Experimental Neurology" }

@String{ EP = "Experimental Physiology" }

@String{ FJ = "FASEB J." }

@String{ HCP = "Heart CIR. Physiol." }

@String{ HR = "Hear. Res." }

@String{ IEEETBME = "IEEE Trans. Biomed. Eng." }

@String{ IEEETM = "IEEE Trans. Magn." }

@String{ IEEETPAMI = "IEEE Trans. Pattern Anal. Machine Intell." }

@String{ IJBC = "International Journal of Bifurcation and Chaos" }

@String{ IJNME = "Int. J. Numer. Methods Eng." }

@String{ ITBM = "Innov. Technol. Biol. Med." }

@String{ JAM = "ASME Journal of Applied Mechanics" }

@String{ JAP = "J. Appl. Physiol." }

@String{ JAPC = "Journal of Applied Physics" }

@String{ JB = "J. Biomech." }

@String{ JBE = "J. Biomed. Eng." }

@String{ JBT = "J. Biotech." }

@String{ JCEP = "J. Cardiovasc. Electrophysiol." }

@String{ JCI = "J. Cli. Invest." }

@String{ JCP = "J. Comput. Phys." }

@String{ JCPh = "Journal of Cardiovascular Pharmacology" }

@String{ JE = "J. Electrocardiol." }

@String{ JGP = "J. Gen. Physiol." }

@String{ JHMJ = "Johns Hopkins Med. J." }

@String{ JIMA = "Journal of the Institute of Mathematics Applications" }

@String{ JJEC = "Jpn. J. Electrocardiol." }

@String{ JMB = "J. Math. Biol." }

@String{ JMCC = "J. Mol. Cell Cardiol." }

@String{ JP = "J. Physiol." }

@String{ JPL = "J. Physiol. Lond." }

@String{ JTB = "J. Theor. Biol." }

@String{ LI = "Lab. Invest." }

@String{ MBS = "Math. Biosci." }

@String{ MBE = "Med. \& Biol. Engng." }

@String{ MBEC = "Med. Biol. Eng. Comput." }

@String{ NATURE = "Nature" }

@String{ PA = "Pflueg. Arch." }

@String{ PACE = "PACE" }

@String{ PBMB = "Prog. Biophys. molec. Biol." }

@String{ PBC = "Prog. Biophys. Chem." }

@String{ PCD = "Prog. Cardiovasc. Dis." }

@String{ PD = "Physica D" }

@String{ PIRE = "Proc. Inst. Radio Engineers" }

@String{ PM = "Phil. Mag." }

@String{ PNAS = "Proc. Natl. Acad. Sci. USA" }

@String{ PRL = "Physical Review Letters" }

@String{ PROCIEEE = "Proceedings of the IEEE" }

@String{ PRSL = "Proc. R. Soc. Lond." }

@String{ PTPS = "Phil. Trans. Physical Sciences" }

@String{ PTRSL = "Phil. Trans. R. Soc. Lond." }

@String{ RAD = "Radiology" }

@String{ SCIENCE = "Science" }

@String{ SIAM = "SIAM J. Appl. Math." }

@String{ SIAMR = "SIAM Review" }

@String{ HPC = "High-Performance Computing in Biomedical Research" }

@String{ HPCed = "T C Pilkington and others" }

@String{ HPCpub = "CRC Press Inc." }

@String{ IEEEP = "IEEE Press." }

@String{ LGL = "Longman Group Limited" }

@String{ MGH = "McGraw-Hill Book Company Inc." }

@String{ Mos = "Mosby" }

@String{ Mosaddr = "11830 Westline Industrial Drive, St. Louis, Missouri 63146" }

@String{ PH = "Prentice-Hall, Inc." }

@String{ PHaddr = "Englewood Cliffs, New Jersey" }

@String{ RP = "1185 Avenue of the Americas, New York 10036" }

@String{ RPaddr = "Raven Press, Ltd." }

@String{ SV = "Springer-Verlag" }

@String{ UNKNOWN = "*** Unknown ***" }

@Book{ zienkiewicz:2006_1,
	abstract = "The sixth editions of these seminal books deliver the most up to date and comprehensive reference yet on the finite element method for all engineers and mathematicians. Renowned for their scope, range and authority, the new editions have been significantly developed in terms of both contents and scope. Each book is now complete in its own right and provides self-contained reference; used together they provide a formidable resource covering the theory and the application of the universally used FEM. Written by the leading professors in their fields, the three books cover the basis of the method, its application to solid mechanics and to fluid dynamics. * This is THE classic finite element method set, by two the subject's leading authors * FEM is a constantly developing subject, and any professional or student of engineering involved in understanding the computational modelling of physical systems will inevitably use the techniques in these books * Fully up-to-date; ideal for teaching and reference",
	author = "O. C. Zienkiewicz and R. L. Taylor",
	citeulike-article-id = "3905720",
	citeulike-linkout-0 = "http://www.amazon.ca/exec/obidos/redirect?tag=citeulike09-20\&amp;path=ASIN/0750664312",
	citeulike-linkout-1 = "http://www.amazon.de/exec/obidos/redirect?tag=citeulike01-21\&amp;path=ASIN/0750664312",
	citeulike-linkout-2 = "http://www.amazon.fr/exec/obidos/redirect?tag=citeulike06-21\&amp;path=ASIN/0750664312",
	citeulike-linkout-3 = "http://www.amazon.jp/exec/obidos/ASIN/0750664312",
	citeulike-linkout-4 = "http://www.amazon.co.uk/exec/obidos/ASIN/0750664312/citeulike00-21",
	citeulike-linkout-5 = "http://www.amazon.com/exec/obidos/redirect?tag=citeulike07-20\&path=ASIN/0750664312",
	citeulike-linkout-6 = "http://www.worldcat.org/isbn/0750664312",
	citeulike-linkout-7 = "http://books.google.com/books?vid=ISBN0750664312",
	citeulike-linkout-8 = "http://www.amazon.com/gp/search?keywords=0750664312\&index=books\&linkCode=qs",
	citeulike-linkout-9 = "http://www.librarything.com/isbn/0750664312",
	edition = "6",
	howpublished = "Hardcover",
	isbn = "0750664312",
	keywords = "computation, fem, mechanics, simulation",
	month = "January",
	posted-at = "2009-04-15 16:29:50",
	priority = "2",
	publisher = "Butterworth-Heinemann",
	title = "The Finite Element Method Set, Sixth Edition",
	url = "http://www.amazon.com/exec/obidos/redirect?tag=citeulike07-20&path=ASIN/0750664312",
	year = "2006"
}

@Book{ hutton:2004,
	author = "D. V. Hutton",
	publisher = "McGraw-Hill",
	title = "Fundamentals of Finite Element Analysis",
	year = "2004"
}

@Book{ reddy:2004,
	author = "J. N. Reddy",
	publisher = "Oxford",
	title = "An Introduction to Nonlinear Finite Element Analysis",
	year = "2004"
}

@Book{ reddy:1993,
	author = "J. N. Reddy",
	publisher = "McGraw-Hill",
	title = "An Introduction to Finite Element Method",
	year = "1993"
}

@Book{ bonet:2008,
	author = "J. Bonet and R.D. Wood",
	publisher = "Cambridge",
	title = "Nonlinear Continuum Mechanics for Finite Element Analysis",
	year = "2008"
}

@Book{ oden:2006,
	author = "J. T. Oden",
	publisher = "Dover",
	title = "Finite Element Nonlinear Continua",
	year = "2006"
}

@Book{ sethian:1999,
	title = "{Level set methods and fast marching methods. 1999}",
	author = "J.A. Sethian",
	journal = "Cambridge Monographs on Applied and Computational Mathematics",
	year = "1999"
}

@PhDThesis{ mauch:2003,
	title = "{Efficient algorithms for solving static hamilton-jacobi equations}",
	author = "S. Mauch",
	year = "2003",
	school = "Citeseer"
}

@Article{ sethian:1996,
	title = "{A fast marching level set method for monotonically advancing fronts}",
	author = "J.A. Sethian",
	journal = "Proceedings of the National Academy of Sciences of the United States of America",
	volume = "93",
	number = "4",
	pages = "1591",
	year = "1996",
	publisher = "National Acad Sciences"
}

